%%%%%%%%%%%%%%%%%%%%%%%%%%%%%% article %%%%%%%%%%%%%%%%%%%%%%%%%%%%%%%%%%%%%%%%%%%%%%%%%%%%%%%%%%%%%%%%%%%%%%%%%%%%
@article{SteinmannPerez2025,
	title = {Enhancing Wind Turbine Sustainability Through LiDAR Configuration Analysis and Evaluation of Two Reference LiDAR-Assisted Control Strategies},
	volume = {17},
	ISSN = {2071-1050},
	url = {http://dx.doi.org/10.3390/su17136083}, 
	DOI = {10.3390/su17136083},
	number = {13},
	journal = {Sustainability},
	publisher = {MDPI AG},
	author = {Steinmann Perez,  Cedric D. and Lio,  Alan W. H. and Meng,  Fanzhong},
	year = {2025},
	month = jul,
	pages = {6083}
}







%%%%%%%%%%%%%%%%%%%%%%%%%%%% misc %%%%%%%%%%%%%%%%%%%%%%%%%%%%%%%%%%%%%%%%%%%%%%%%%%%%%%%%%%%%%%%%%%%%%%%%%%%%%%%%%%%%
@misc{SchlipfPHD,
	doi = {10.18419/OPUS-8796},
	author = {Schlipf,  David},
	language = {en},
	title = {Lidar-assisted control concepts for wind turbines},
	publisher = {Universit\"{a}t Stuttgart},
	year = {2015}
}
@phdthesis{Schlipf2015,
	doi 		 = {10.18419/OPUS-8796},
	author       = {Schlipf,  David},
	title        = {Lidar-assisted control concepts for wind turbines},
	school       = {University of Stuttgart},
	year         = {2015}
}
